@inproceedings{gowitzke1989,
	title={Kinematic and Kinetic Components of Rope Skipping: A Pilot Study},
	author={Gowitzke, B and Brown, L},
	booktitle={Proceedings of the 7\textsuperscript{th} International Society Biomechanics in Sports Conference (ISBS)},
	year={1989},
	address={Footscray, Australia}
}


@article{Li2013,
title={The  feasibility  of  implementing  a  jump  rope  curriculum in Shanghai middle school students},
author={Li, P and Xiao, W},
journal={Contemporary Sports Technology},
volume={3},
number={20},
pages={104-105},
year={2013}
}


@inproceedings{wong2004,
    title={Changes of kinematics in rope skipping after fatigue},
	author={Wong, P and Hong, Y},
	booktitle={Proceedings of the 22\textsuperscript{nd} International Society Biomechanics in Sports Conference (ISBS)},
	year={2004},
	address={Ottawa, Canada}
}